<?xml version="1.0" encoding="UTF-8"?><collection xmlns="http://www.loc.gov/MARC21/slim"><record><leader>00585nam--2200181-i-4500</leader><controlfield tag="001">000038276</controlfield><controlfield tag="002">20161230</controlfield><controlfield tag="005">20161230201041</controlfield><controlfield tag="008">060222s1000------------r-----000-0-eng-d</controlfield><datafield ind1=" " ind2=" " tag="040"><subfield code="a">IFIN-HH</subfield></datafield><datafield ind1=" " ind2=" " tag="080"><subfield code="a">539.12.01(042.4)</subfield></datafield><datafield ind1="1" ind2=" " tag="100"><subfield code="a">Zichichi, A</subfield></datafield><datafield ind1="1" ind2="0" tag="245"><subfield code="a">Recent developments in particle symmetries</subfield><subfield code="b">1965 international school of physics "ettore majorana", a cern-mpi-nato advanced study institute</subfield><subfield code="c">A. zichichi</subfield></datafield><datafield ind1=" " ind2=" " tag="260"><subfield code="a">New York</subfield><subfield code="b">Academic Press</subfield><subfield code="c">1966</subfield></datafield><datafield ind1=" " ind2=" " tag="300"><subfield code="a">XII + 460 P</subfield></datafield><datafield ind1=" " ind2=" " tag="490"><subfield code="a">The Subnuclear Series</subfield></datafield><datafield ind1=" " ind2=" " tag="852"><subfield code="a">24824</subfield><subfield code="c">539.12</subfield></datafield><datafield ind1=" " ind2=" " tag="CAT"><subfield code="a">Sys</subfield><subfield code="c">20111108</subfield><subfield code="h">162020</subfield></datafield></record></collection>